<?xml version="1.0" encoding="UTF-8"?><record xmlns="http://www.loc.gov/MARC21/slim" xmlns:cinclude="http://apache.org/cocoon/include/1.0" xmlns:zs="http://www.loc.gov/zing/srw/">
  <leader>00467nz  a2200133n  4500</leader>
  <controlfield tag="001">no2012034975</controlfield>
  <controlfield tag="003">DLC</controlfield>
  <controlfield tag="005">20120312122857.0</controlfield>
  <controlfield tag="008">120309n| acannaabn          |n ana     c</controlfield>
  <datafield tag="010" ind1=" " ind2=" ">
    <subfield code="a">no2012034975</subfield>
  </datafield>
  <datafield tag="035" ind1=" " ind2=" ">
    <subfield code="a">(OCoLC)oca09139195</subfield>
  </datafield>
  <datafield tag="040" ind1=" " ind2=" ">
    <subfield code="a">OkU</subfield>
    <subfield code="b">eng</subfield>
    <subfield code="c">OkU</subfield>
  </datafield>
  <datafield tag="110" ind1="2" ind2=" ">
    <subfield code="a">Rogers County Industrial Development Authority</subfield>
  </datafield>
  <datafield tag="670" ind1=" " ind2=" ">
    <subfield code="a">An analysis of the labor force in the Rogers County labor market area of Oklahoma, 2001:</subfield>
    <subfield code="b">cover (Rogers County Industrial Development Authority)</subfield>
  </datafield>
</record>